@book{StrojnowskiOptymalizacja2,
author = {Jan Palczewski},
title = {Matematyka Stosowana - Optymalizacja II},
date = {2014},
year = {2014},
publisher = {Uniwersytet Warszawski, Wydział Matematyki, Informatyki i Mechaniki},
location = {Warszawa},
isbn = {},
pages = {124},
}

@book{SpringerIntroToEvol,
  title={Introduction to Evolutionary Algorithms},
  author={Xinjie Yu; Mitsuo Gen},
  isbn={9781849961295},
  lccn={2010929767},
  series={Decision Engineering},
  url={http://books.google.pl/books?id=rHQf\_2Dx2ucC},
  year={2010},
  pages={418},
  publisher={Springer}
}

@ARTICLE {StateOfArt,
    author  = "Swagatam Das; Ponnuthurai Nagaratnam Suganthan",
    title   = "Differential Evolution: A Survey of the State-of-the-Art",
    journal = "IEEE TRANSACTIONS ON EVOLUTIONARY COMPUTATION,",
    year    = "2011",
    volume  = "15",
    number  = "1",
    pages   = "4-31",
    month   = "feb"
}

@MISC{RainerStorn,
    author = {Rainer Storn; Kenneth Price},
    title = {Differential Evolution - A simple and efficient adaptive scheme for global optimization over continuous spaces},
    year = {1995}
}

@ARTICLE {CEC2013Comp,
title="Ranking Results of CEC’13 Special Session \& Competition on Real-Parameter Single Objective Optimization",
author="Ilya Loshchilov , Thomas Stuetzle, Tianjun Liao",
year="2013"
}

@PHDTHESIS {Opara,
    author = "Karol Opara",
    title  = "Analiza algorytmu ewolucji  różnicowej i jego zastosowanie  w wyznaczaniu zależności  statystycznych",
    school = "Instytut Badań Systemowych  Polskiej Akademii Nauk",
    year   = "2014"
}

@unpublished {SearchingInteligent,
    author  = "Jarosław Arabas; Paweł Cichosz",
    title   = "Searching for Intelligent Behavior",
}

@Book{ WykladyEvol,
author = "Jarosław Arabas",
editor = "",
title = "Wykłady z algorytmów ewolucyjnych",
publisher = "Wydawnictwo WNT",
year = 2004,
address = "Warszawa",
isbn = "83-204-2970-6" }


@INPROCEEDINGS{SHADE, 
author={Tanabe, R. and Fukunaga, A.}, 
booktitle={Evolutionary Computation (CEC), 2013 IEEE Congress on}, 
title={Success-history based parameter adaptation for Differential Evolution}, 
year={2013},
month={June}, 
pages={71-78}, 
keywords={evolutionary computation;numerical analysis;parameter estimation;search problems;self-adjusting systems;CEC2013 benchmark set;control parameter settings;control parameter value selection;differential evolution;numerical optimization;search efficiency;self-adaptive mechanisms;success history-based parameter adaptation method;Benchmark testing;Equations;Optimization;Sociology;Statistics;Thyristors;Vectors}, 
doi={10.1109/CEC.2013.6557555}
}

@ARTICLE {Boundary,
    author  = "Jarosław Arabas; Adam Szczepankiewicz; Tomasz Wroniak",
    title   = "Experimental Comparison of Methods to Handle Boundary Constraints in Differential Evolution",
    journal = "Lecture Notes in Computer Science",
    year    = "2010",
    volume  = "6239",
    pages   = "411-420"
}

@mastersthesis {DEmid,
author="Adam Stelmaszczyk",
title="DE/mid – nowy wariant algorytmu ewolucji różnicowej wykorzystujący punkt środkowy populacji",
school="Warsaw University of Technology",
year="2014"
}

@book{zhang2009adaptive,
  title={Adaptive Differential Evolution: A Robust Approach to Multimodal Problem Optimization},
  author={Zhang, J. and Sanderson, A.C.},
  isbn={9783642015274},
  series={Adaptation, Learning, and Optimization},
  url={https://books.google.pl/books?id=yTAtVQev0uMC},
  year={2009},
  publisher={Springer}
}

@ARTICLE{JADE, 
author={Jingqiao Zhang and Sanderson, A.C.}, 
journal={Evolutionary Computation, IEEE Transactions on}, 
title={JADE: Adaptive Differential Evolution With Optional External Archive}, 
year={2009}, 
month={Oct}, 
volume={13}, 
number={5}, 
pages={945-958}, 
keywords={adaptive control;evolutionary computation;particle swarm optimisation;DE/current-to-p best;JADE;adaptive differential evolution;canonical particle swarm optimization;convergence performance;evolutionary algorithms;mutation strategy;optimization problems;optional external archive;parameter adaptation;Adaptive parameter control;differential evolution;evolutionary optimization;external archive}, 
doi={10.1109/TEVC.2009.2014613}, 
ISSN={1089-778X},}

@ARTICLE {PracticalInsights,
    author = "Daniela Zaharie",
    title  = "Differential Evolution: from Theoretical Analysis to Practical Insights",
    year   = "2012"
}

@ARTICLE {CrossoverDE,
    author  = "Daniela Zaharie",
    title   = "A Comparative Analysis of Crossover Variants in Differential Evolution",
    journal = "Proceedings of the International Multiconference on Computer Science and Information Technology",
    year    = "2007",
    pages   = "171-181"
}

@MISC{Li13benchmarkfunctions,
    author = {Xiaodong Li and Ke Tang and Mohammad N. Omidvar and Zhenyu Yang and Kai Qin},
    title = {Benchmark Functions for the CEC’2013 Special Session and Competition on Large-Scale Global Optimization},
    year = {2013}
}
